@Article{sigmoid,
author = {Xinyou Yin and Jan Goudriaan and Egbert A. Lantinga and Jan Vos and Huub J Spiertz},
title = {A Flexible Sigmoid Function to Determine Growth},
journal = {Annals of Botany},
year = {2003},
volume = {91},
pages = {361-371}
}
@Article{white,
author = {N. J. White},
title = {Assessment of the Pharmacodynamic Properties of Antimalarial Drugs In Vivo},
journal = {Antimicrobial Agents and Chemotherapy},
year = {1997},
pages = {1413-1422}
}
@Article{vries,
author = {Peter J. de Vries and Nguyen Ngoc Bich and Huynh Van Thien and Le Ngoc Hung and Trinh Kim Anh and Piet A. Kager and Siem H. Heisterkamp},
title = {Combinations of Artemisinin and Quinine for Uncomplicated Falciparum Malaria: Efficacy and Pharmacodynamics},
journal = {Antimicrobial Agents and Chemotherapy},
year = {2000},
volume = {44},
number = {5},
pages = {1302-1308}
}
@Article{wooton,
author={Daniel G. Wootton and Hyginus Opara and Giancarlo A. Biagini and Maxwell K. Kanjala and Stephan Duparc and Paula L. Kirby and Mary Woessner and Colin Neate and Maggie Nyirenda and Hannah Blencowe and Queen Dube-Mbeye and Thomas Kanyok and Stephen Ward and Malcolm Molyneux and Sam Dunyo and Peter A. Winstanley},
title={Open-Label Comparative Clinical Study of Chlorproguanil−Dapsone Fixed Dose Combination (Lapdap™) Alone or with Three Different Doses of Artesunate for Uncomplicated Plasmodium falciparum Malaria},
journal={PLoS ONE},
year={2008},
vol={3},
number={3},
pages={e1779}
}
@Article{newton,
author={Paul N. Newton and Brian J. Angus and Wirongrong Chierakul and Arjen Dondorp and Ronatrai Ruangveerayuth and 
Kamolrat Silamut and Pramote Teerapong and Yupin Suputtamongkol and Sornchai Looareesuwan and Nicholas J. White},
title={Randomized Comparison of Artesunate and Quinine in the Treatment of Severe Falciparum Malaria},
year={2003},
journal={Clinical Infectious Diseases},
volume={37},
pages={7-16}
}




